<?xml version="1.0" encoding="UTF-8"?><record xmlns="http://www.loc.gov/MARC21/slim" xmlns:cinclude="http://apache.org/cocoon/include/1.0" xmlns:zs="http://www.loc.gov/zing/srw/">
  <leader>00589nz  a2200145n  4500</leader>
  <controlfield tag="001">no2014048326</controlfield>
  <controlfield tag="003">DLC</controlfield>
  <controlfield tag="005">20140412073556.0</controlfield>
  <controlfield tag="008">140411n| azannaabn          |n aaa     c</controlfield>
  <datafield tag="010" ind1=" " ind2=" ">
    <subfield code="a">no2014048326</subfield>
  </datafield>
  <datafield tag="035" ind1=" " ind2=" ">
    <subfield code="a">(OCoLC)oca09732094</subfield>
  </datafield>
  <datafield tag="040" ind1=" " ind2=" ">
    <subfield code="a">TNJ</subfield>
    <subfield code="b">eng</subfield>
    <subfield code="e">rda</subfield>
    <subfield code="c">TNJ</subfield>
  </datafield>
  <datafield tag="100" ind1="1" ind2=" ">
    <subfield code="a">Schmidt, Martin Jefferson</subfield>
  </datafield>
  <datafield tag="373" ind1=" " ind2=" ">
    <subfield code="a">Vanderbilt University</subfield>
    <subfield code="2">naf</subfield>
  </datafield>
  <datafield tag="670" ind1=" " ind2=" ">
    <subfield code="a">Differential impact of GAD67 suppression in distinct GABA-ergic interneuron populations, 2014:</subfield>
    <subfield code="b">title page (Martin Jefferson Schmidt) Vanderbilt ETD data (PhD; Neuroscience)</subfield>
    <subfield code="u">http://etd.library.vanderbilt.edu/available/etd-12022013-064125/</subfield>
  </datafield>
</record>